<?xml version="1.0" encoding="UTF-8"?><collection xmlns="http://www.loc.gov/MARC21/slim"><record><leader>00339nam--2200133-i-4500</leader><controlfield tag="001">000010679</controlfield><controlfield tag="002">20161230</controlfield><controlfield tag="005">20161230201028</controlfield><controlfield tag="008">060222s1000------------r-----000-0-eng-d</controlfield><datafield ind1=" " ind2=" " tag="080"><subfield code="a">..</subfield></datafield><datafield ind1=" " ind2=" " tag="245"><subfield code="a">Organic reaction mechanisms: 1971 .... ...</subfield></datafield><datafield ind1=" " ind2=" " tag="260"><subfield code="a">London, Interscience Publ., 1969 ...</subfield></datafield><datafield ind1=" " ind2=" " tag="700"><subfield code="a">Capon, B., Rees, C.W</subfield></datafield><datafield ind1=" " ind2=" " tag="852"><subfield code="a">33317</subfield></datafield></record></collection>